<collection xmlns="http://www.loc.gov/MARC21/slim">
<record>
  <leader>00951nam0a2200229 i 450 </leader>
  <controlfield tag="001">IT\ICCU\CNCE\076450</controlfield>
  <controlfield tag="005">20160309000000.0</controlfield>
  <datafield tag="012" ind1=" " ind2=" ">
    <subfield code="a">i-ri lasi i.la a.a- (C) 1578 (A)</subfield>
    <subfield code="2">fei</subfield>
  </datafield>
  <datafield tag="100" ind1=" " ind2=" ">
    <subfield code="a">20110908d1578        0itac0103    ba</subfield>
  </datafield>
  <datafield tag="101" ind1=" " ind2=" ">
    <subfield code="a">ITA</subfield>
  </datafield>
  <datafield tag="102" ind1=" " ind2=" ">
    <subfield code="a">IT</subfield>
  </datafield>
  <datafield tag="200" ind1="1" ind2=" ">
    <subfield code="a">Regola della venerabile e santa Compagnia della Croce di Rimino</subfield>
  </datafield>
  <datafield tag="210" ind1=" " ind2=" ">
    <subfield code="a">In Cesena</subfield>
    <subfield code="c">appresso Bartolomeo Rauerij</subfield>
    <subfield code="c">ad instantia della Compagnia della Croce di Rim.o</subfield>
    <subfield code="d">1578</subfield>
  </datafield>
  <datafield tag="215" ind1=" " ind2=" ">
    <subfield code="a">\12! c.</subfield>
    <subfield code="d">4ʻ</subfield>
  </datafield>
  <datafield tag="620" ind1=" " ind2=" ">
    <subfield code="a">IT</subfield>
    <subfield code="d">Cesena</subfield>
  </datafield>
  <datafield tag="710" ind1="0" ind2="2">
    <subfield code="a">Confraternita della Croce</subfield>
    <subfield code="c"> &lt;Rimini&gt;</subfield>
    <subfield code="3">29510</subfield>
  </datafield>
  <datafield tag="712" ind1="0" ind2="0">
    <subfield code="a">Raverio, Bartolomeo</subfield>
    <subfield code="3">IT\ICCU\CNCT\000836</subfield>
    <subfield code="4">650</subfield>
  </datafield>
  <datafield tag="791" ind1="0" ind2="2">
    <subfield code="a">Compagnia della Croce</subfield>
    <subfield code="c"> &lt;Rimini&gt;</subfield>
    <subfield code="3">29511</subfield>
    <subfield code="z">Confraternita della Croce &lt;Rimini&gt;</subfield>
  </datafield>
  <datafield tag="791" ind1="0" ind2="0">
    <subfield code="a">Raverius, Bartholomaeus</subfield>
    <subfield code="3">IT\ICCU\CNCT\005321</subfield>
    <subfield code="z">Raverio, Bartolomeo</subfield>
  </datafield>
  <datafield tag="791" ind1="0" ind2="0">
    <subfield code="a">Raverii, Bartolomeo</subfield>
    <subfield code="3">IT\ICCU\CNCT\005322</subfield>
    <subfield code="z">Raverio, Bartolomeo</subfield>
  </datafield>
  <datafield tag="801" ind1=" " ind2="3">
    <subfield code="a">IT</subfield>
    <subfield code="b">ICCU</subfield>
    <subfield code="c">20201115</subfield>
  </datafield>
  <datafield tag="899" ind1=" " ind2=" ">
    <subfield code="a">Biblioteca Oliveriana. Pesaro</subfield>
    <subfield code="1">PU0061</subfield>
    <subfield code="2">URB OL</subfield>
  </datafield>
</record>
</collection>
